<?xml version="1.0" encoding="utf-8"?>
<record xmlns="http://www.loc.gov/MARC21/slim" xmlns:xsi="http://www.w3.org/2001/XMLSchema-instance" xsi:schemaLocation="http://www.loc.gov/MARC21/slim http://www.loc.gov/standards/marcxml/schema/MARC21slim.xsd">
	<leader>     nam a22     Mi 4500</leader>
	<controlfield tag="001">b12377235</controlfield>
	<controlfield tag="003">LeBAU</controlfield>
	<controlfield tag="006">m        d        </controlfield>
	<controlfield tag="007">cr cn |||m|||a</controlfield>
	<controlfield tag="008">200121s1930    ua      o     ||0 0 ara d</controlfield>
	<datafield ind1=" " ind2=" " tag="040">
		<subfield code="a">ZYU</subfield>
		<subfield code="b">ara</subfield>
		<subfield code="e">rda</subfield>
		<subfield code="c">ZYU</subfield>
	</datafield>
	<datafield ind1="0" ind2="4" tag="082">
		<subfield code="a">297.8</subfield>
		<subfield code="2">22</subfield>
	</datafield>
	<datafield ind1="0" ind2=" " tag="100">
		<subfield code="6">880-01</subfield>
		<subfield code="a">Muḥammad ibn ʻAbd al-Wahhāb,</subfield>
		<subfield code="d">1703 or 1704-1792,</subfield>
		<subfield code="e">author.</subfield>
	</datafield>
	<datafield ind1="1" ind2="0" tag="245">
		<subfield code="6">880-02</subfield>
		<subfield code="a">Biḍʻ rasāʼil fī ʻaqāʼid al-Islām /</subfield>
		<subfield code="c">taʼlīf al-mujaddid al-Shaykh Muḥammad ʻAbd al-Wahhāb. Wa-yalīhi Kitāb Jawāb ahl al-Sunnah al-Nabawīyah, fī naqḍ kalām al-Shīʻah wa-al-Zaydīyah / ta'līf al-ʻallāmah al-Shaykh ʻAbd Allāh ibn al-Shaykh Muḥammad ʻAbd al-Wahhāb ; waqafa ʻalá taṣḥīḥih wa-ʻallaqa ʻalayhi ḥawāshihi Muḥammad Rashīd Riḍā, munshi' Majallat al-Manār.</subfield>
	</datafield>
	<datafield ind1="3" ind2="0" tag="246">
		<subfield code="6">880-03</subfield>
		<subfield code="a">Rasāʼil fī ʻaqāʼid al-Islām</subfield>
	</datafield>
	<datafield ind1=" " ind2=" " tag="250">
		<subfield code="6">880-04</subfield>
		<subfield code="a">al-Ṭabʻah al-ūlá.</subfield>
	</datafield>
	<datafield ind1=" " ind2="1" tag="264">
		<subfield code="6">880-05</subfield>
		<subfield code="a">Miṣr :</subfield>
		<subfield code="b">Maṭbaʻat al-Manār,</subfield>
		<subfield code="c">1349 H., [1930? M.]</subfield>
	</datafield>
	<datafield ind1=" " ind2=" " tag="300">
		<subfield code="6">880-06</subfield>
		<subfield code="a">online resource (221 pages)</subfield>
	</datafield>
	<datafield ind1=" " ind2=" " tag="336">
		<subfield code="a">text</subfield>
		<subfield code="2">rdacontent</subfield>
	</datafield>
	<datafield ind1=" " ind2=" " tag="337">
		<subfield code="a">computer</subfield>
		<subfield code="2">rdamedia</subfield>
	</datafield>
	<datafield ind1=" " ind2=" " tag="338">
		<subfield code="a">online resource</subfield>
		<subfield code="2">rdacarrier</subfield>
	</datafield>
	<datafield ind1=" " ind2=" " tag="500">
		<subfield code="a">Part of the Arabic Collections Online (ACO) project, contributed by American University of Beirut's Jafet Memorial Library.</subfield>
	</datafield>
	<datafield ind1=" " ind2=" " tag="533">
		<subfield code="a">Electronic reproduction.</subfield>
		<subfield code="b">New York, N.Y. :</subfield>
		<subfield code="c">New York University,</subfield>
		<subfield code="d">2020.</subfield>
		<subfield code="5">NNU</subfield>
	</datafield>
	<datafield ind1=" " ind2="0" tag="650">
		<subfield code="6">880-07</subfield>
		<subfield code="a">Islam</subfield>
		<subfield code="x">Doctrines</subfield>
		<subfield code="v">Early works to 1800.</subfield>
	</datafield>
	<datafield ind1=" " ind2="0" tag="650">
		<subfield code="6">880-08</subfield>
		<subfield code="a">Sunnites</subfield>
		<subfield code="x">Relations</subfield>
		<subfield code="x">Shiites.</subfield>
	</datafield>
	<datafield ind1=" " ind2="0" tag="650">
		<subfield code="6">880-09</subfield>
		<subfield code="a">Shiites</subfield>
		<subfield code="x">Relations</subfield>
		<subfield code="x">Sunnites.</subfield>
	</datafield>
	<datafield ind1=" " ind2="0" tag="650">
		<subfield code="6">880-10</subfield>
		<subfield code="a">Wahhābīyah</subfield>
		<subfield code="v">Controversial literature.</subfield>
	</datafield>
	<datafield ind1="1" ind2="2" tag="700">
		<subfield code="6">880-11</subfield>
		<subfield code="a">Ibn ʻAbd al-Wahhāb, ʻAbd Allāh ibn Muḥammad,</subfield>
		<subfield code="e">compiler.</subfield>
		<subfield code="d">-1826 or 1827.</subfield>
		<subfield code="t">Jawāb ahl al-Sunnah al-Nabawīyah fī naqḍ kalām al-Shīʻah wa-al-Zaydīyah.</subfield>
	</datafield>
	<datafield ind1="0" ind2=" " tag="700">
		<subfield code="6">880-12</subfield>
		<subfield code="a">Muḥammad Rashīd Riḍā.</subfield>
	</datafield>
	<datafield ind1="2" ind2=" " tag="710">
		<subfield code="a">Jafet Memorial Library.</subfield>
	</datafield>
	<datafield ind1="0" ind2=" " tag="730">
		<subfield code="a">Arabic Collections Online.</subfield>
	</datafield>
	<datafield ind1="0" ind2=" " tag="775">
		<subfield code="6">880-13</subfield>
		<subfield code="i">has designation of edition</subfield>
		<subfield code="4">http://rdaregistry.info/Elements/m/P30133:</subfield>
		<subfield code="t">Fī ʻaqā'id al-Islām.</subfield>
		<subfield code="b">al-Ṭabʻah al-ūlá.</subfield>
		<subfield code="d">Bayrūt : Dār al-Āfāq al-Jadīdah, 1401 H. = 1981 M.</subfield>
		<subfield code="w">b18331865</subfield>
	</datafield>
	<datafield ind1="0" ind2="8" tag="776">
		<subfield code="i">Print version:</subfield>
		<subfield code="a">Muḥammad ibn ʻAbd al-Wahhāb, 1703 or 1704-1792, author.</subfield>
		<subfield code="t">Biḍʻ rasāʼil fī ʻaqāʼid al-Islām</subfield>
		<subfield code="w">(LeBAU)b12377235</subfield>
	</datafield>
	<datafield ind1="4" ind2="0" tag="856">
		<subfield code="u">http://hdl.handle.net/2333.1/zpc86h8n</subfield>
	</datafield>
	<datafield ind1="0" ind2=" " tag="880">
		<subfield code="6">100-01</subfield>
		<subfield code="a">محمد بن عبد الوهاب،</subfield>
		<subfield code="d">1703 او 1704-1792،</subfield>
		<subfield code="e">مؤلف.</subfield>
		<subfield code="4">aut.</subfield>
	</datafield>
	<datafield ind1="1" ind2="0" tag="880">
		<subfield code="6">245-02</subfield>
		<subfield code="a">بضع رسائل في عقائد الإسلام /</subfield>
		<subfield code="c">تأليف المجدد الشيخ محمد عبد الوهاب. ويليه كتاب جواب أهل السنة النبوية، في نقض كلام الشيعة والزيدية / تأليف العلامة الشيخ عبد الله بن الشيخ محمد عبد الوهاب ؛ وقف على تصحيحه وعلق عليه حواشيه السيد محمد رشيد رضا، منشىء مجلة المنار.</subfield>
	</datafield>
	<datafield ind1="3" ind2="0" tag="880">
		<subfield code="6">246-03</subfield>
		<subfield code="a">رسائل في عقائد الإسلام</subfield>
	</datafield>
	<datafield ind1=" " ind2=" " tag="880">
		<subfield code="6">250-04</subfield>
		<subfield code="a">الطبعة الأولى.</subfield>
	</datafield>
	<datafield ind1=" " ind2="1" tag="880">
		<subfield code="6">264-05</subfield>
		<subfield code="a">مصر :</subfield>
		<subfield code="b">مطبعة المنار،</subfield>
		<subfield code="c">1349 [هـ.]، [1930؟ م.]</subfield>
	</datafield>
	<datafield ind1=" " ind2=" " tag="880">
		<subfield code="6">300-06</subfield>
		<subfield code="a">221 صفحة ؛</subfield>
		<subfield code="c">24 سم</subfield>
	</datafield>
	<datafield ind1=" " ind2="4" tag="880">
		<subfield code="6">650-07</subfield>
		<subfield code="a">الاسلام</subfield>
		<subfield code="x">عقائد</subfield>
		<subfield code="v">اعمال قديمة حتى 1800.</subfield>
	</datafield>
	<datafield ind1=" " ind2="4" tag="880">
		<subfield code="6">650-08</subfield>
		<subfield code="a">السنة</subfield>
		<subfield code="x">علاقات</subfield>
		<subfield code="x">الشيعة.</subfield>
	</datafield>
	<datafield ind1=" " ind2="4" tag="880">
		<subfield code="6">650-09</subfield>
		<subfield code="a">الشيعة</subfield>
		<subfield code="x">علاقات</subfield>
		<subfield code="x">السنة.</subfield>
	</datafield>
	<datafield ind1=" " ind2="4" tag="880">
		<subfield code="6">650-10</subfield>
		<subfield code="a">الوهابية</subfield>
		<subfield code="v">الأدب الجدلي.</subfield>
	</datafield>
	<datafield ind1="1" ind2="2" tag="880">
		<subfield code="6">700-11</subfield>
		<subfield code="a">إبن عبد الوهاب، عبد الله بن محمد،</subfield>
		<subfield code="d">-1826 او 1827.</subfield>
		<subfield code="t">جواب أهل السنة النبوية في نقض كلام الشيعة والزيدية.</subfield>
	</datafield>
	<datafield ind1="0" ind2=" " tag="880">
		<subfield code="6">700-12</subfield>
		<subfield code="a">محمد رشيد رضا،</subfield>
		<subfield code="e">معد.</subfield>
		<subfield code="4">com.</subfield>
	</datafield>
	<datafield ind1="0" ind2=" " tag="880">
		<subfield code="6">775-13</subfield>
		<subfield code="i">دلالة على الطبعة</subfield>
		<subfield code="4">http://rdaregistry.info/Elements/m/P30133:</subfield>
		<subfield code="t">في عقائد الإسلام.</subfield>
		<subfield code="b">الطبعة الأولى</subfield>
		<subfield code="d">بيروت : دار الآفاق الجديدة، 1401 هـ. = 1981 م.</subfield>
		<subfield code="w">b18331865</subfield>
	</datafield>
	<datafield ind1=" " ind2=" " tag="959">
		<subfield code="a">NNU</subfield>
		<subfield code="b">WEB</subfield>
		<subfield code="c">GENI</subfield>
		<subfield code="t">0</subfield>
		<subfield code="m">Electronic access</subfield>
		<subfield code="s">01</subfield>
	</datafield>
	<datafield ind1=" " ind2=" " tag="999">
		<subfield code="i">LeBAU_b12377235</subfield>
		<subfield code="s">aub_aco002476</subfield>
		<subfield code="e">(ERROR-MISC)</subfield>
		<subfield code="s">aub_aco002476</subfield>
	</datafield>
</record>
